@misc{idf2021,
    author = {{International Diabetes Federation}},
    title = {Diabetes in Peru (2021)},
    year = {2021},
    url = {https://idf.org/our-network/regions-and-members/south-and-central-america/members/peru/}
}

@article{yanhez2016prevalencia,
  title={Prevalencia de la retinopatía diabética y factores de riesgo asociados},
  author={Yáñez, Bety and Murillo, Juan Pablo y Arbañil, Hugo},
  journal={Revista Médica Carrionica},
  year={2016},
  volume={3},
  pages={3-14},
  url={https://doi.org/10.5582/bst.2023.01148}
}

@article{huang2023advances,
  title={Advances in deep learning: From diagnosis to treatment},
  author={Huang, Tianqi and Ma, Longfei and Zhang, Boyu and Liao, Hongen},
  journal={BioScience Trends},
  year={2023},
  volume={1},
  pages={1-7},
  doi={10.5582/bst.2023.01148},
  url={https://www.biosciencetrends.com},
  publisher={BioScience Trends}
}

@article{jiang2020heart,
  title={Heart Disease Detection Using Machine Learning and Deep Learning Techniques},
  author={Jiang, Fei and Jiang, Yannan and Zhi, Han and Dong, Yadan and Li, Huoyan and Ma, Xiaolei and Wang, Yongjun},
  journal={International Journal of Medical Informatics},
  volume={141},
  pages={104195},
  year={2020},
  publisher={Elsevier}
}

@article{arulkumar2023monitoring,
  title={Monitoring and Recognition of Heart Health using Heartbeat Classification with Deep Learning and IoT},
  author={Arulkumar, V. and Vinod, D. and Devipriya, A. and Chemmalar Selvi, G. and Surendran, S. and Mohammad Arif},
  journal={Journal of Machine and Computing},
  volume={3},
  number={3},
  pages={326-336},
  year={2023},
  doi={10.53759/7669/jmc202303028},
  url={http://anapub.co.ke/journals/jmc/jmc.html},
  publisher={AnaPub Publications}
}

@article{sharma2020deep,
  title={Deep Convolutional Neural Networks for Detecting COVID-19 Using Medical Images: A Survey},
  author={Sharma, Anil and Rani, Mamta},
  journal={International Journal of Advanced Science and Technology},
  volume={29},
  number={8},
  pages={3418--3423},
  year={2020}
}

@article{mane2023customized,
  title={A Diabetic Retinopathy Detection using Customized Convolutional Neural Network},
  author={Mane, Deepak and Sangve, Sunil and Kumbharkar, Prashant and Ratnaparkhi, Snehal and Upadhye, Gopal and Borde, Santosh},
  journal={International Journal of Electrical and Electronics Research},
  volume={11},
  number={2},
  pages={609--615},
  year={2023},
  publisher={Forex Journal},
  doi={10.37391/IJEER.110250},
  url={https://www.ijeer.forexjournal.co.in/}
}

@article{mohanty2023using,
  title={Using Deep Learning Architectures for Detection and Classification of Diabetic Retinopathy},
  author={Mohanty, Chandan and Mahapatra, Sandeep and Acharya, Biswa and Kokkoras, Filippos and Gerogiannis, Vassilis C and Karamitsos, Ioannis and Kanavos, Andreas},
  journal={Sensors},
  volume={23},
  number={12},
  pages={5726},
  year={2023},
  publisher={MDPI},
  doi={10.3390/s23125726},
  url={https://www.mdpi.com/journal/sensors}
}

@article{rajeswari2022heart,
  title={Heart Disease Detection Using Machine Learning and Deep Learning Techniques},
  author={Rajeshwari, J and Saravanan, S},
  journal={International Journal of Engineering Research and Technology},
  volume={10},
  number={2},
  pages={123-130},
  year={2022},
  publisher={IJERT}
}

@article{santhoshkumar2023,
  title={A Study on Scope of Artificial Intelligence in Diagnostic Medicine},
  author={Santhoshkumar, S. P. and Beaulah, H. Lilly and Susithra, K.},
  journal={Recent Research Reviews Journal},
  volume={2},
  number={1},
  pages={39-53},
  year={2023},
  publisher={Inventive Research Organization},
  doi={10.36548/rrrj.2023.1.04},
  url={https://irojournals.com/rrrj}
}

